@techreport{lavalle1998rrt,
	author = {Steven M. Lavalle},
	title = {Rapidly-Exploring Random Trees: A New Tool for Path Planning},
	institution = {},
	year = {1998}
}

@inproceedings{kuffner2000rrtconnect,
	author={J. J. Kuffner and S. M. LaValle},
	title={{RRT}-Connect: {An} Efficient Approach to Single-Query Path Planning},
	booktitle={Proceedings IEEE International Conference on Robotics and Automation}, 
	pages={995-1001},
	year={2000}
}